<record><leader>00000cas a22000007a 4500</leader><controlfield tag="001">15872206</controlfield><controlfield tag="008">870609d183u1839ncuwr ne      0    0eng d</controlfield><datafield ind1=" " ind2=" " tag="010"><subfield code="a">sn 87090581 </subfield></datafield><datafield ind1=" " ind2=" " tag="040"><subfield code="a">PPM</subfield><subfield code="b">eng</subfield><subfield code="c">PPM</subfield><subfield code="d">NVJ</subfield><subfield code="d">FUG</subfield><subfield code="d">OCL</subfield><subfield code="d">DLC</subfield><subfield code="d">OCLCQ</subfield><subfield code="d">OCLCF</subfield></datafield><datafield ind1="1" ind2=" " tag="029"><subfield code="a">AU@</subfield><subfield code="b">000020119691</subfield></datafield><datafield ind1=" " ind2=" " tag="042"><subfield code="a">msc</subfield></datafield><datafield ind1=" " ind2=" " tag="043"><subfield code="a">n-us-nc</subfield></datafield><datafield ind1="0" ind2="0" tag="050"><subfield code="a">Newspaper</subfield></datafield><datafield ind1="0" ind2=" " tag="130"><subfield code="a">Washington Whig (Washington, N.C. : 1838)</subfield></datafield><datafield ind1="1" ind2="0" tag="245"><subfield code="a">Washington Whig.</subfield></datafield><datafield ind1=" " ind2=" " tag="260"><subfield code="a">Washington, N.C. :</subfield><subfield code="b">H.D. Machen</subfield></datafield><datafield ind1=" " ind2=" " tag="310"><subfield code="a">Weekly</subfield></datafield><datafield ind1="1" ind2=" " tag="362"><subfield code="a">Ceased in 1839.</subfield></datafield><datafield ind1=" " ind2=" " tag="588"><subfield code="a">Description based on: Vol. 4, no. 179 (Feb. 6, 1838).</subfield></datafield><datafield ind1=" " ind2="0" tag="651"><subfield code="a">Washington (N.C.)</subfield><subfield code="v">Newspapers.</subfield></datafield><datafield ind1=" " ind2="0" tag="651"><subfield code="a">Beaufort County (N.C.)</subfield><subfield code="v">Newspapers.</subfield></datafield><datafield ind1=" " ind2="7" tag="655"><subfield code="a">Newspapers.</subfield><subfield code="2">fast</subfield><subfield code="0">(OCoLC)fst01423814</subfield></datafield><datafield ind1=" " ind2="7" tag="651"><subfield code="a">North Carolina</subfield><subfield code="z">Beaufort County.</subfield><subfield code="2">fast</subfield><subfield code="0">(OCoLC)fst01218244</subfield></datafield><datafield ind1=" " ind2="7" tag="651"><subfield code="a">North Carolina</subfield><subfield code="z">Washington.</subfield><subfield code="2">fast</subfield><subfield code="0">(OCoLC)fst01220366</subfield></datafield><datafield ind1=" " ind2=" " tag="752"><subfield code="a">United States</subfield><subfield code="b">North Carolina</subfield><subfield code="c">Beaufort</subfield><subfield code="d">Washington.</subfield></datafield><datafield ind1="0" ind2="0" tag="780"><subfield code="t">Whig (Washington, N.C. : 1834)</subfield><subfield code="w">(DLC)sn 87090580</subfield></datafield><datafield ind1="0" ind2="0" tag="785"><subfield code="t">Washington Whig and Republican gazette</subfield><subfield code="w">(DLC)sn 87090584</subfield></datafield></record>